<?xml version="1.0" encoding="UTF-8"?>
<ting:container xmlns:ting="http://www.dbc.dk/ting" xmlns:dkabm="http://biblstandard.dk/abm/namespace/dkabm/" xmlns:ac="http://biblstandard.dk/ac/namespace/" xmlns:dkdcplus="http://biblstandard.dk/abm/namespace/dkdcplus/" xmlns:oss="http://oss.dbc.dk/ns/osstypes" xmlns:dc="http://purl.org/dc/elements/1.1/" xmlns:dcterms="http://purl.org/dc/terms/" xmlns:xsi="http://www.w3.org/2001/XMLSchema-instance" xmlns:docbook="http://docbook.org/ns/docbook" xmlns:oso="http://oss.dbc.dk/ns/opensearchobjects"><dkabm:record><ac:identifier>33261683|870971</ac:identifier><ac:source>Bibliotekskatalog</ac:source><dc:title>Den gamle mand og ørkenen</dc:title><dc:title xsi:type="dkdcplus:full">Den gamle mand og ørkenen</dc:title><dc:creator>Rune Graulund</dc:creator><dc:creator xsi:type="oss:sort">Graulund, Rune</dc:creator><dc:subject xsi:type="dkdcplus:DK5">99.4 McCarthy, Cormac</dc:subject><dc:subject xsi:type="dkdcplus:DK5-Text">Biografier af enkelte personer</dc:subject><dc:subject xsi:type="dkdcplus:DBCF">Cormac McCarthy</dc:subject><dc:subject xsi:type="oss:sort">McCarthy, Cormac</dc:subject><dc:subject xsi:type="dkdcplus:DBCF">amerikansk litteratur</dc:subject><dcterms:audience>voksenmaterialer</dcterms:audience><dc:date>2008</dc:date><dc:type xsi:type="dkdcplus:BibDK-Type">Avisartikel</dc:type><dc:format>illustreret</dc:format><dcterms:extent>Bøger, s. 12-13</dcterms:extent><dc:language xsi:type="dcterms:ISO639-2">dan</dc:language><dc:language>Dansk</dc:language><dcterms:isPartOf>Weekendavisen, 2008-09-05</dcterms:isPartOf><dcterms:isPartOf xsi:type="dkdcplus:ISSN">0106-4142</dcterms:isPartOf></dkabm:record><marcx:collection xmlns:marcx="info:lc/xmlns/marcxchange-v1"><marcx:record format="danMARC2" type="Bibliographic"><marcx:leader>000000000000000000000000</marcx:leader><marcx:datafield tag="001" ind1="0" ind2="0"><marcx:subfield code="a">33261683</marcx:subfield><marcx:subfield code="b">870971</marcx:subfield><marcx:subfield code="c">20080905141935</marcx:subfield><marcx:subfield code="d">20080905</marcx:subfield><marcx:subfield code="f">a</marcx:subfield></marcx:datafield><marcx:datafield tag="004" ind1="0" ind2="0"><marcx:subfield code="r">n</marcx:subfield><marcx:subfield code="a">i</marcx:subfield></marcx:datafield><marcx:datafield tag="008" ind1="0" ind2="0"><marcx:subfield code="t">a</marcx:subfield><marcx:subfield code="u">f</marcx:subfield><marcx:subfield code="a">2008</marcx:subfield><marcx:subfield code="b">dk</marcx:subfield><marcx:subfield code="l">dan</marcx:subfield><marcx:subfield code="v">0</marcx:subfield><marcx:subfield code="r">an</marcx:subfield></marcx:datafield><marcx:datafield tag="009" ind1="0" ind2="0"><marcx:subfield code="a">a</marcx:subfield><marcx:subfield code="g">xx</marcx:subfield></marcx:datafield><marcx:datafield tag="016" ind1="0" ind2="0"><marcx:subfield code="a">03361020</marcx:subfield></marcx:datafield><marcx:datafield tag="032" ind1="0" ind2="0"><marcx:subfield code="a">ABU200837</marcx:subfield><marcx:subfield code="a">DAR200837</marcx:subfield></marcx:datafield><marcx:datafield tag="086" ind1="0" ind2="0"><marcx:subfield code="a">Biografier af enkelte personer</marcx:subfield></marcx:datafield><marcx:datafield tag="245" ind1="0" ind2="0"><marcx:subfield code="a">Den ¤gamle mand og ørkenen</marcx:subfield></marcx:datafield><marcx:datafield tag="300" ind1="0" ind2="0"><marcx:subfield code="a">Bøger, s. 12-13</marcx:subfield><marcx:subfield code="b">ill.</marcx:subfield></marcx:datafield><marcx:datafield tag="557" ind1="0" ind2="0"><marcx:subfield code="a">Weekendavisen</marcx:subfield><marcx:subfield code="j">2008</marcx:subfield><marcx:subfield code="z">0106-4142</marcx:subfield><marcx:subfield code="V">2008-09-05</marcx:subfield><marcx:subfield code="v">2008-09-05</marcx:subfield></marcx:datafield><marcx:datafield tag="600" ind1="0" ind2="0"><marcx:subfield code="A">maccarthy</marcx:subfield><marcx:subfield code="a">McCarthy</marcx:subfield><marcx:subfield code="h">Cormac</marcx:subfield></marcx:datafield><marcx:datafield tag="652" ind1="0" ind2="0"><marcx:subfield code="m">99.4</marcx:subfield><marcx:subfield code="A">maccarthy</marcx:subfield><marcx:subfield code="a">McCarthy</marcx:subfield><marcx:subfield code="h">Cormac</marcx:subfield></marcx:datafield><marcx:datafield tag="666" ind1="0" ind2="0"><marcx:subfield code="0"/><marcx:subfield code="f">amerikansk litteratur</marcx:subfield></marcx:datafield><marcx:datafield tag="700" ind1="0" ind2="0"><marcx:subfield code="a">Graulund</marcx:subfield><marcx:subfield code="h">Rune</marcx:subfield></marcx:datafield><marcx:datafield tag="996" ind1="0" ind2="0"><marcx:subfield code="a">IDX</marcx:subfield></marcx:datafield><marcx:datafield tag="d08" ind1="0" ind2="0"><marcx:subfield code="o">hp</marcx:subfield></marcx:datafield><marcx:datafield tag="n01" ind1="0" ind2="0"><marcx:subfield code="a">e133a576</marcx:subfield><marcx:subfield code="b">000011</marcx:subfield></marcx:datafield><marcx:datafield tag="n55" ind1="0" ind2="0"><marcx:subfield code="a">20080905</marcx:subfield></marcx:datafield><marcx:datafield tag="s12" ind1="0" ind2="0"><marcx:subfield code="t">TeamAr200836</marcx:subfield></marcx:datafield><marcx:datafield tag="z99" ind1="0" ind2="0"><marcx:subfield code="a">hp</marcx:subfield></marcx:datafield></marcx:record></marcx:collection><oss:openurl>_BASEURL_url_ctx_fmt=info:ofi/fmt:kev:mtx:ctx&amp;ctx_ver=Z39.88-2004&amp;rft_val_fmt=info:ofi/fmt:kev:mtx:journal&amp;rft.atitle=Den+gamle+mand+og+ørkenen&amp;rft.aulast=Graulund&amp;rft.aufirst=Rune&amp;rft.auinit=R&amp;rft.jtitle=&lt;dcterms:isPartOf+xsi:type="none"+xmlns:ting="http://www.dbc.dk/ting"+xmlns:dkabm="http://biblstandard.dk/abm/namespace/dkabm/"+xmlns:ac="http://biblstandard.dk/ac/namespace/"+xmlns:dkdcplus="http://biblstandard.dk/abm/namespace/dkdcplus/"+xmlns:oss="http://oss.dbc.dk/ns/osstypes"+xmlns:dc="http://purl.org/dc/elements/1.1/"+xmlns:dcterms="http://purl.org/dc/terms/"+xmlns:xsi="http://www.w3.org/2001/XMLSchema-instance"+xmlns:docbook="http://docbook.org/ns/docbook"+xmlns:oso="http://oss.dbc.dk/ns/opensearchobjects"+xmlns:xsi="http://www.w3.org/2001/XMLSchema-instance"&gt;Weekendavisen&amp;rft.date=2008&amp;rft.pages=&amp;rft.spage=&amp;rft.epage=&amp;rft.issn=0106-4142&amp;rft.genre=article</oss:openurl><ln:links xmlns:ln="http://oss.dbc.dk/ns/links"><ln:link><ln:access>remote</ln:access><ln:accessType>rest</ln:accessType><ln:linkTo>webservice</ln:linkTo><ln:relationType>dbcaddi:hasOnlineAccess</ln:relationType><ln:url>[useraccessinfomedia]?action=getArticle&amp;faust=33261683&amp;libraryCode=[libraryCode]&amp;userId=[userId]&amp;userPinCode=[userPinCode]</ln:url></ln:link></ln:links><adminData><creationDate>2008-09-05</creationDate><libraryType>none</libraryType><indexingAlias>danmarcxchange</indexingAlias><accessType>physical</accessType><accessType>online</accessType><genre>nonfiktion</genre><collectionIdentifier>870971-katalog</collectionIdentifier></adminData></ting:container>